

@book{software-engineering-book,
    author = {Laplante, P. Kassab, M},
    title = {Requirements Engineering for Software and Systems. 4th Edition},
    publisher = {O'reilly},
    year= 2022 
}

@book{bass-architecture-book,
    author = {Bass, L. and Clements, P. and Kazman, R},
    title = {Software Architecture in Practice, 4th Edition},
    publisher = {O'reilly},
    year= 2021 
}

@book{nlp-fundamentals,
    author = {Jurafsky, D. Martin, J},
    title = {Speech ad Language Processing. An Introduction to Natural Language Processing,
Computational Linguistics, and Speech Recognition
with Language Models},
    publisher = {Stanford Web},
    year= 2024
}

@book{information-retrieval,
    author = {Manning, C. and Raghavan, P. and  Schutze, H.},
    title = {An Introduction to Information Retrieval},
    publisher = {Cambridge University Press},
    year= 2009
}


@article{perry-wolf-reference,
    author = {Perry, Dewayne. Wolf, Alexander L},
    title = {Foundations for the stufy of sotware architecture},
    journal = {ACM SIGSOFT},
    year = 1992,
}

@article{slr-base,
    author = {Ruiyin, L. and  Peng, L. and Avgeriou, P. and Soliman, M},
    title = {Understanding software architecture erosion: A systematic mapping study},
    journal = {Wiley},
    year = 2021
}

@article{warnings-architectural-erosion,
    author = {Liang, P. and Avgeriou, P. and Ruiyin, L},
    title = {Warnings: Violation Symptoms Indicating Architecture Erosion},
    journal = {Cornell University},
    year = 2023
}


@article{machine-learning-approach-research,
    author = {Sapna, J.  and Ali, N. and Mudita, U. and Deepali, G. and Roobaea, A. and Bahodir, M. and Yuning, T},
    title = {Machine learningâ€‘based defect prediction model using multilayer perceptron algorithm for escalating the reliability of the software},
    journal = {The Journal of Supercomputing},
    year = 2024
}

@article{ieee-erosion-metrics,
    author = {Baabad, A. and Zulzalil, H. and Hassan, S. and Baharom, S},
    title = {Characterizing the Architectural Erosion Metrics: A Systematic Mapping Study},
    journal = {IEEE},
    year = 2022
}

@article{ieee-automated-detection,
    author = {Liang, P. and Avgeriou, P. and Ruiyin, L},
    title = {Towards Automated Identification of Violation Symptoms of Architecture Erosion},
    journal = {IEEE TRANSACTIONS ON SOFTWARE ENGINEERING},
    year = 2024
}

@article{so-word-embedding,
    author = {Efstathiou, V. and Chatzilenas C. and Spinellis, D},
    title = {Word Embeddings for the Software Engineering Domain},
    journal = {IEEE},
    year = 2018
}
